
@article{albert1993bayesian,
  title={{Bayesian Analysis of Binary and Polychotomous Response Data}},
  author={Albert, James H and Chib, Siddhartha},
  journal={Journal of the American Statistical Association},
  volume={88},
  number={422},
  pages={669--679},
  year={1993},
  publisher={Taylor \& Francis}
}


@article{carpenter2016stan,
  title={STAN: A Probabilistic Programming Language},
  author={Carpenter, Bob and Gelman, Andrew and Hoffman, Matt and Lee, Daniel and Goodrich, Ben and Betancourt, Michael and Brubaker, Michael A and Guo, Jiqiang and Li, Peter and Riddell, Allen},
  journal={J Stat Softw},
  year={2016}
}